%% This BibTeX bibliography file was created using BibDesk.
%% http://bibdesk.sourceforge.net/


%% Created for ShiShu at 2015-05-12 06:22:35 +0100 


%% Saved with string encoding Unicode (UTF-8) 

@misc{irram,
  title = {iRRAM - Exact Arithmetic in {C}++},
  Author = {Norbert Th. M\"{u}ller},
  howpublished = {http://irram.uni-trier.de/}
}


@misc{mpfr,
  title = {The {MPFR} library},
  howpublished = {http://www.mpfr.org/}
}



@misc{blanck,
	Author = {Jens Blanck},
	Date-Added = {2015-05-12 04:45:56 +0000},
	Date-Modified = {2015-05-12 04:49:59 +0000},
	Title = {Exact Real Arithmetic Systems: Results of Competition},
	Year = {2000},
	Bdsk-File-1 = {YnBsaXN0MDDUAQIDBAUGJCVYJHZlcnNpb25YJG9iamVjdHNZJGFyY2hpdmVyVCR0b3ASAAGGoKgHCBMUFRYaIVUkbnVsbNMJCgsMDxJXTlMua2V5c1pOUy5vYmplY3RzViRjbGFzc6INDoACgAOiEBGABIAFgAdccmVsYXRpdmVQYXRoWWFsaWFzRGF0YV8QEi4uL2V4cmVhbF9jb21wLnBkZtIXCxgZV05TLmRhdGFPEQGqAAAAAAGqAAIAAAxNYWNpbnRvc2ggSEQAAAAAAAAAAAAAAAAAAADOl6vDSCsAAAs1UA8PZXhyZWFsX2NvbXAucGRmAAAAAAAAAAAAAAAAAAAAAAAAAAAAAAAAAAAAAAAAAAAAAAAAAAAAAAAAAAAAAAAAEVdDadF3Q+0AAAAAAAAAAAABAAEAAAkgAAAAAAAAAAAAAAAAAAAADXBhcnRpaXByb2plY3QAABAACAAAzperwwAAABEACAAA0Xc13QAAAAEAEAs1UA8AEnYxAAj3PgACZI4AAgBGTWFjaW50b3NoIEhEOlVzZXJzOgBzaGlzaHU6AFNvdXJjZWNvZGU6AHBhcnRpaXByb2plY3Q6AGV4cmVhbF9jb21wLnBkZgAOACAADwBlAHgAcgBlAGEAbABfAGMAbwBtAHAALgBwAGQAZgAPABoADABNAGEAYwBpAG4AdABvAHMAaAAgAEgARAASADVVc2Vycy9zaGlzaHUvU291cmNlY29kZS9wYXJ0aWlwcm9qZWN0L2V4cmVhbF9jb21wLnBkZgAAEwABLwAAFQACAA3//wAAgAbSGxwdHlokY2xhc3NuYW1lWCRjbGFzc2VzXU5TTXV0YWJsZURhdGGjHR8gVk5TRGF0YVhOU09iamVjdNIbHCIjXE5TRGljdGlvbmFyeaIiIF8QD05TS2V5ZWRBcmNoaXZlctEmJ1Ryb290gAEACAARABoAIwAtADIANwBAAEYATQBVAGAAZwBqAGwAbgBxAHMAdQB3AIQAjgCjAKgAsAJeAmACZQJwAnkChwKLApICmwKgAq0CsALCAsUCygAAAAAAAAIBAAAAAAAAACgAAAAAAAAAAAAAAAAAAALM}}



@misc{pauly-kawamura-arxiv,
	Author = {Akitoshi Kawamura and Arno Pauly},
	Howpublished = {arXiv 1401.2861},
	Title = {Function spaces for second-order polynomial time},
	Year = {2014}}

@article{weihrauchf,
	Author = {Klaus Weihrauch},
	Journal = {Mathematical Logic Quarterly},
	Number = {1},
	Pages = {3 - 21},
	Title = {Computational Complexity on Computable Metric Spaces},
	Volume = {49},
	Year = {2003}}

@article{paulyziegler,
	Author = {Arno Pauly and Martin Ziegler},
	Journal = {Journal of Logic and Analysis},
	Title = {Relative Computability and Uniform Continuity of Relations},
	Volume = {5},
	Year = {2013}}

@article{kawamura,
	Author = {Akitoshi Kawamura and Stephen Cook},
	Journal = {ACM Transactions on Computation Theory},
	Number = {2},
	Title = {Complexity theory for operators in analysis},
	Volume = {4},
	Year = {2012}}

@book{weihrauchd,
	Author = {Klaus Weihrauch},
	Publisher = {Springer-Verlag},
	Title = {Computable Analysis},
	Year = {2000}}

@misc{pauly-synthetic-arxiv,
	Author = {Arno Pauly},
	Howpublished = {http://arxiv.org/abs/1204.3763},
	Title = {On the topological aspects of the theory of represented spaces},
	Year = {2012}}

@article{escardo,
	Author = {Martin Escard{\'o}},
	Journal = {Electronic Notes in Theoretical Computer Science},
	Publisher = {Springer},
	Title = {Synthetic topology of datatypes and classical spaces},
	Volume = {87},
	Year = {2004}}


@article{peter,
	Author = {Abbas Edalat and Peter John Potts},
	Title = {A new representation for Exact Real Number},
	Year = {1998}}

@articles{john,
	Author = {John K. Hunter},
	Title = {An Introduction to Real Analysis},
	Year = {2013}}


@misc{poly,
  title = {Poly/{ML} home page},
  howpublished = {http://www.polyml.org/}
}

@ARTICLE{schroder,
author = {Matthias Schr\"{o}der},
title = {Extended admissibility},
journal = {Theoretical Computer Science},
year = {2002},
volume = {284},
pages = {519-538},
number = {2},
doi = {10.1016/S0304-3975(01)00109-8}
}

@PHDTHESIS{schroder5,
AUTHOR = {Matthias Schr\"oder},
TITLE = {Admissible Representations for
Continuous Computations},
SCHOOL = {FernUniversit\"at Hagen},
YEAR = {2002},
}

@ARTICLE{gherardi4,
author =       {Brattka, Vasco and Gherardi, Guido and Marcone, Alberto},
title = {The {B}olzano-{W}eierstrass {T}heorem is the Jump of {W}eak {K}\"onig's {L}emma},
journal =      {Annals of Pure and Applied Logic},
volume =       {163},
number =       {6},
pages =        {623--625},
note =         {also arXiv:1101.0792},
year =         {2012},
doi = {10.1016/j.apal.2011.10.006}
}



@MISC{collins4,
author =       {Pieter Collins},
title =        {Computable Stochastic Processes},
howpublished = {arXiv:1409.4667},
year =         {2014},
}

@misc{njml,
  title = {Standard {ML} of {New Jersey}},
  howpublished = {http://www.smlnj.org/}
}


